
% ========================================================================================
% Artigos
% ========================================================================================

@online{oliveira,
	author    	= {OLIVEIRA, M. D. M. and FURLANETO, F. de P. B. and FURLANETO NETO, M},
	title     	= {Características Técnicas e Econômicas do Veículo Aéreo Não Tripulado (Drone)},
	year      	= {2022},
	publisher 	= {Análises e Indicadores do Agronegócio, São Paulo, v. 17, n. 5, p. 1-7},
	url 		= {http://www.iea.agricultura.sp.gov.br/out/TerTexto.php?codTexto=16034},
	urldate 	= {18 out de 2022},
}

@book{geoprocessamento-drone,
	author = {Nascimento, Ana Juvelina da Silva and Denadai, Marcelo Scantamburlo},
	title = {Geoprocessamento e o Uso de Drones},
	publisher 	= {Revista Tekhne e Logos, v. 13, n. 3 (2022)},
	year = {2022},
	url={http://revista.fatecbt.edu.br/index.php/tl/article/view/825},
	urldate = {27 fev de 2023},
}

@book{drones-e-ciencia,
	author = {Prudkin, Gonzalo and Breunig, Fábio Marcelo},
	title = {Drones e Ciência - Teoria e aplicações metodológicas Volume 1},
	publisher = {FACOS-UFSM, Brasil, v. 1},
	year = {2019},
	url = {https://repositorio.ufsm.br/handle/1/18774},
	urldate = {11 março de 2023},
}

@online{resgate-drones,
	author = {RIBEIRO, R. G. and COTA, L. P. and EUZÉBIO, T. A. M. and RAMÍREZ, J. A. and GUIMARÃES, F. G},
	title = {Missões de busca e resgate utilizando drones e plataformas de abastecimento móveis},
	publisher = {Revista da Universidade Federal de Minas Gerais, Belo Horizonte, v. 27, n. 2, p.},
	year = {2021},
	url = {https://periodicos.ufmg.br/index.php/revistadaufmg/article/view/24376},
	urldate = {12 mar 2023},
}

@online{drones-logistica,
	author = {Klidzio, Angela Maria and Helena, Maria and Kageyama, Akemi and Oliva, Sérgio Horta and Silveira, Sidioney Onézio},
	title = {Uso de Drones em Logística},
	publisher = {Fatec Jornalista Omair Faugundes de Oliveira, Bragança Paulista, São Paulo},
	year = {2020},
	url = {https://fateclog.com.br/anais/2020/USO%20DE%20DRONES%20EM%20LOGÍSTICA(1).pdf},
	urldate = {12 mar 2023},
}

@book{tendencias-drones,
author = {BOLFE, E. L. and BARBEDO, J. G. A. and MASSRUHÁ, S. M. F. S. and SOUZA, K. X. S. de and ASSAD, E. D.},
title = {Desafios, tendências e oportunidades em agricultura digital no Brasil},
year = {2020},
url = {https://www.alice.cnptia.embrapa.br/handle/doc/1126283},
urldate = {16 mar 2023},
}

@online{regulamentacao-impactos,
author = {Rezende, Rodrigo Montezel Corrêa},
title = {Drones: regulamentações e os impactos na segurança pública},
year = {2018},
url = {https://repositorio.animaeducacao.com.br/handle/ANIMA/8207},
urldate = {12 mar 2023},
}

@online{entregas-drone,
author = {Matschulat, Jan Philip},
title = {Proposta de um modelo heurístico para o problema de distribuição de cargas fracionadas com o auxílio de drones},
year = {2016},
url = {https://repositorio.ufsc.br/xmlui/handle/123456789/165280},
urldate = {12 mar 2023},
}

@online{agricultura-drones,
author = { Silva, Adrino Pereira da},
title = {Uso de drone na agricultura 4.0},
year = {2021},
url = {http://repositorio.fama-ro.com.br/handle/123456789/163},
urldate = {16 mar 2023},
}

@web{prime-air-siemens,
author = {Amazon, {Web Services, Inc}},
title = {Drone da Amazon Prime Air voa com AWS e Siemens},
year = {2020},
url = {https://aws.amazon.com/pt/partners/success/prime-air-siemens/},
urldate = {15 mar 2023},

}


@online{drone-engenharia,
author = {ALBUQUERQUE, Thayná Avelino},
title = {Novas tecnologias na inspeção predial : uso de Aeronave Remotamente Pilotada (RPA)},
publisher = {TCC (Graduação) - Curso de Engenharia Mecânica, Departamento de Engenharia Mecânica, Universidade Federal de Pernambuco, Recife},
year = {2021},
url = {https://repositorio.ufpe.br/handle/123456789/48352},
urldate = {2 fev 2023},
}

@online{drones-agricola,
	author = {Leite, Regina Maria Villas Bôas de Campos and Catharin, Kelly},
	title = {XVI Jornada Acadêmica da Embrapa Soja},
	publisher = {Embrapa Soja Londrina, Paraná},
	year = {2021},
	url = {https://www.alice.cnptia.embrapa.br/bitstream/doc/1139094/1/PGS-124-130-n.pdf},
	urldate = {10 março 2023},
}

@online{reconhecimento-obstaculos,
	author = {Saraiva,  Henrique Pinheiro},
	title = {Navegação Autônoma, Reconhecimento e Desvio de Obstáculos com Drones Multirotores},
	publisher = {PUC, Departamento de Engenharia Elétrica, Rio de Janeiro},
	year = {2018},
	url={https://www.maxwell.vrac.puc-rio.br/34465/34465.PDF},
	urldate = {18 fevereiro de 2023},
}

@online{pixhawk-script-lua, 
author = {{Dev Team, ArduPilot}},
title = {Lua Scripts},
url={https://ardupilot.org/copter/docs/common-lua-scripts.html},
year = {2023},
urldate = {02 agosto de 2023},
}

@online{classificao-imagens-drone,
author = {Prates, Larissa Pereira and Lacerda, Camila Santos Dos Anjos and Shiguemori, Ana Paula Abrantes De Castro and Jaeger, Mirian Schmitt and Hideti, Élcio Shiguemori},
title = {Classificação de Imagens Aéreas Obtidas por Drone Utilizando Técnicas de Inteligência Artificial},
publisher = {14º Jornada Científica e Tecnológica do Ifsuldeminas},
year = {2022},
url={https://josif.ifsuldeminas.edu.br/ojs/index.php/anais/article/view/102},
urldate = {6 março de 2023},
}

@book{seguranca-drones,
author = {Ulrich, Pedro Henrique and Nobre, Jeferson Campos},
title = {Análise do Estado da Arte em Segurança Cibernética com Drones},
publisher = {Revista Eletrônica de Iniciação Científica em Computação, v.17, n.1 (2019)},
year = {2019},
url={https://www.seer.ufrgs.br/reic/article/view/87372},
urldate = {3 março de 2023},
}


@book{vistoria-drones,
author = {Batalha, Adiel Costa},
title = {Processo de homologação de empresas de táxi aéreo segundo a Resolução ANAC nº 377/2016 e legislações complementares},
year = {2017},
url={https://repositorio.animaeducacao.com.br/handle/ANIMA/8320},
urldate = {14 março de 2023},
}


@online{IBAPE/MG,
author = {IBAPE/MG, {Instituto Brasileiro de Avaliações e Perícias de Engenharia de Minas Gerais}},
title = {Prática Recomendada de Inspeção Predial, Vistoria Cautelar e Perícias de Engenharia com Uso de VANT’s.},
year = {2019},
url={https://www.ibapemg.com.br/2018/wp-content/uploads/2019/03/revisao-pr-drones-vfinal.pdf},
urldate = {15 março de 2023},
}

@online{me,
	author = {},
	title = {},
	publisher = {},
	year = {},
	url = {},
	urldate = {},
}

% ========================================================================================
% Orgons reguladores
% ========================================================================================


@online{quantidade-cadastros,
	author = {ANAC, (Agência Nacional de Aviação Civil)},
	title = {Quantidade de Cadastros - Drones},
	year = {2022},
	url ={https://www.gov.br/anac/pt-br/assuntos/drones/quantidade-de-cadastros}
	urldate = {3 dez 2022},
}

@online{regras-vigentes-drone
	author = {ANAC, (Agência Nacional de Aviação Civil)},
	title = {Regras vigentes },
	year = {2021},
	publisher 	= {Ministério da Infraestrutura},
	url = {https://www.gov.br/anac/pt-br/assuntos/drones/regras-de-todos-os-orgaos-brasileiros-sobre-operacao-de-drones},
	urldate = {05 dezembro de 2022},
}

@online{anac-res-n419-2017,
	author = {ANAC, (Agência Nacional de Aviação Civil)},
	title = {Resolução Nº 419, DE 2 DE MAIO DE 2017},
	year = {2017},
	publisher 	= {Diário Oficial da União de 3 de maio de 2017, Seção 1, página 52},
	url = {https://www.anac.gov.br/assuntos/legislacao/legislacao-1/resolucoes/2017/resolucao-no-419-02-05-2017},
	urldate = {04 mar de 2023},
}

@online{sisant,
	author = {ANAC, (Agência Nacional de Aviação Civil)},
	title = {Novo SISANT},
	year = {2022},
	url={https://www.gov.br/anac/pt-br/assuntos/drones/novo-sisant},
	urldate = {04 mar de 2023},
}

@online{cobra,
	author = {COBRA,(Confederação Brasileira de Aeromodalismo).},
	title = {Regras Sobre Drones},
	year = {2017},
	url={https://www.cobra.org.br/documentos/arquivos/regras_drones.pdf},
	urldate = {04 mar de 2023},
}

@online{cht,
	author = {ANAC, (Agência Nacional de Aviação Civil)},
	title = {CHT Digital},
	url={https://www.gov.br/anac/pt-br/assuntos/regulados/profissionais-da-aviacao-civil/habilitacao/cht-digital},
	urldate = {04 mar de 2023},
}

@online{cht,
	author = {DECEA, (Departamento de Controle do Espaço Aéreo)},
	title = {Minísterio da Defesa, Força Aérea Brasileira},
	url={https://www.decea.mil.br},
	urldate = {05 dezembro de 2022},
}

@online{decea,
author = {DECEA, (Departamento de Controle do Espaço Aéreo)},
title = {Tenha uma Operação Segura com sua Aeronave não Tripulada},
year = {2020},
url={https://www.decea.mil.br/drone/#:~:text=Por%20conseguinte%2C%20o%20DECEA%20reeditou,ao%20Código%20Brasileiro%20de%20Aeronáutica.},
urldate = {20 dezembro de 2023},
}


@online{me,
author = {},
title = {},
url={},
urldate = {},
}

% ========================================================================================
% Fabricantes de drones
% ========================================================================================

@online{DRONE,
	author = {DRONE}, 
	title = {Explorer the future},
	publisher = {DRONE EXPO 2022, Aichi},
	year = {2022},
	url={https://www.drone.jp/special/2022070717535254936.html},
	urldate = {18 out de 2022},
}
@online{Nita,
	author = {Nita}, 
	title = {Drone Maptor},
	year = {2018},
	url={http://nita.org.br/tecnologia/drone-maptor/},
	urldate = {18 out de 2022},
}
@online{ALTI,
	author = {ALTI, UAS (PTY) LTD}, 
	title = {Western Cape, South Africa},
	year = {2022},
	url={https://www.altiuas.com},
	urldate = {18 out de 2022},
}
@online{Aero-Drum,
	author = {Aero, Drum}, 
	title = {Niedriger Energieverbrauch der Blimp Drohne},
	publisher = {UniBlimp},
	year = {2019},
	url={https://www.rc-zeppelin.com/de/uniblimp.html},
	urldate = {19 fev de 2023},
}
@online{mugin,
	author = {{MuginUAV}}, 
	title = {Mugin-3 3220mm UAV V-Tail Platform Frame Kit},
	year = {2017},
	url={https://www.muginuav.com},
	urldate = {23 dez de 2022},
}

% ========================================================================================
% Fabricantes de hardware e software
% ========================================================================================

@online{apm,
	author = {Ardupilot, Versatile, Trusted, Open}, 
	title = {APM 2.5 and 2.6 Overview},
	year = {2011},
	url={https://ardupilot.org/copter/docs/common-apm25-and-26-overview.html},
	urldate = {3 jan de 2023},
}

@online{naza-m-v2,
	author = {DJI, {Da-Jiang Innovations}}, 
	title = {NAZA-M V2 Compact Designed Multirotor Autopilot System},
	year = {2014},
	url={https://www-v1.dji.com/naza-m-v2.html},
	urldate = {3 jan de 2023},
}

@online{kakute,
	author = {Holybro}, 
	title = {Kakute F7 V1.5},
	year = {2018},
	url={https://www.holybro.com/kakute-f7-v15_p1161.html},
	urldate = {3 jan de 2023},
}
@online{matek,
	author = {Matek, Systems}, 
	title = {FLIGHT CONTROLLER F405-WING},
	year = {2018},
	url={http://www.mateksys.com/?portfolio=f405-wing},
	urldate = {12 março 2023},
}
@online{cleanflight,
author = {CleanFlight, Team}, 
title = {Open-Source flight controller software for modern flight boards},
year = {2014},
url={http://cleanflight.com},
urldate = {4 jan 2023},
}
@online{ardupilot,
	author = {Ardupilot, Versatile, Trusted, Open}, 
	title = {Mission Planner Overview},
	year = {2009},
	url={https://ardupilot.org/planner/docs/common-mission-planning.html},
	urldate = {15 dez de 2022},
}
@online{betaflight,
	author = {Betaflight}, 
	title = {Are you ready to fly?},
	year = {2016},
	url={https://betaflight.com},
	urldate = {4 jan 2023},
}
@online{qground,
	author = {QGROUNDCONTROL}, 
	title = {Intuitive and Powerful Ground Control Station for the MAVLink protocol},
	year = {2013},
	url={https://ardupilot.org/planner/docs/common-mission-planning.html},
	urldate = {15 dez de 2022},
}
@online{dji_assistant,
	author = {DJI, {Da-Jiang Innovations}}, 
	title = {DJI Assistant 2(Updates discontinued)},
	year = {2019},
	url={https://www.dji.com/br/downloads/softwares/assistant-dji-2},
	urldate = {12 jan de 2023},
}
@online{pixhawk,
	author = {pixhawk}, 
	title = {The open standards for drone hardware},
	year = {2012},
	url={https://pixhawk.org},
	urldate = {15 dez de 2022},
}
@online{mavlink,
	author = {mavlink}, 
	title = {Micro air Vehicle Communication Protocol},
	year = {2009},
	url={https://mavlink.io/en/},
	urldate = {15 dez de 2022},
}

% ========================================================================================
% Links de pesquisa em geral usados para estudo
% ========================================================================================

% https://repositorio.animaeducacao.com.br/handle/ANIMA/8207
% https://periodicos.uni7.edu.br/index.php/revistajuridica/article/view/840
% https://rsdjournal.org/index.php/rsd/article/view/27834
% https://blog.climatefieldview.com.br/drones-agricultura
% https://www.cnmp.mp.br/portal/images/Publicacoes/Cartilha_CNMP_ANAC.pdf

% https://www.uniara.com.br/arquivos/file/eventos/2017/seppu/anais/guimaraes-rios.pdf
% http://conexaosipaer.com.br/index.php/sipaer/article/view/51
% https://repositorioslatinoamericanos.uchile.cl/handle/2250/1331130
% https://rsdjournal.org/index.php/rsd/article/view/27834
